<?xml version="1.0" encoding="UTF-8"?><collection xmlns="http://www.loc.gov/MARC21/slim"><record><leader>00450nam--2200145-i-4500</leader><controlfield tag="001">000008736</controlfield><controlfield tag="002">20161230</controlfield><controlfield tag="005">20161230201027</controlfield><controlfield tag="008">060222s1000------------r-----000-0-eng-d</controlfield><datafield ind1=" " ind2=" " tag="080"><subfield code="a">621.384.6</subfield></datafield><datafield ind1=" " ind2=" " tag="100"><subfield code="a">Alsmiller, R.G., Leimdorfer, M. And Barish J</subfield></datafield><datafield ind1=" " ind2=" " tag="245"><subfield code="a">High-energy muon transport and the muon backstop for a 200-gev proton accelerator</subfield></datafield><datafield ind1=" " ind2=" " tag="260"><subfield code="a">Oak Ridge, U.S.Atomic Energy Commission 1968 35 P</subfield></datafield><datafield ind1=" " ind2=" " tag="490"><subfield code="a">Ornl - 4322</subfield></datafield><datafield ind1=" " ind2=" " tag="852"><subfield code="a">29998</subfield></datafield></record></collection>